<record><leader>00000cas a22000007a 4500</leader><controlfield tag="001">14877088</controlfield><controlfield tag="008">861126d18791902inuwr ne      0    0eng d</controlfield><datafield ind1=" " ind2=" " tag="010"><subfield code="a">sn 86059083 </subfield></datafield><datafield ind1=" " ind2=" " tag="040"><subfield code="a">NPI</subfield><subfield code="b">eng</subfield><subfield code="c">NPI</subfield><subfield code="d">OCLCQ</subfield></datafield><datafield ind1=" " ind2=" " tag="042"><subfield code="a">msc</subfield></datafield><datafield ind1="0" ind2=" " tag="130"><subfield code="a">Home journal (Lafayette, Ind. : 1879)</subfield></datafield><datafield ind1="1" ind2="4" tag="245"><subfield code="a">The Home journal.</subfield></datafield><datafield ind1=" " ind2=" " tag="260"><subfield code="a">Lafayette, Ind. :</subfield><subfield code="b">L.R. Thompson &amp; Son,</subfield><subfield code="c">-1902.</subfield></datafield><datafield ind1=" " ind2=" " tag="310"><subfield code="a">Weekly</subfield></datafield><datafield ind1="1" ind2=" " tag="362"><subfield code="a">Began in 1879.</subfield></datafield><datafield ind1="0" ind2=" " tag="362"><subfield code="a">-v. 47, no. 12 (Apr. 2, 1896) ; v. 23, no. 39 (Apr. 9, 1896)-v. 29, no. 30 (Feb. 27, 1902).</subfield></datafield><datafield ind1=" " ind2=" " tag="515"><subfield code="a">Issues for Jan. 2-30, 1902 dated 1901.</subfield></datafield><datafield ind1=" " ind2=" " tag="588"><subfield code="a">Description based on: Vol. 13, no. 19 (Oct. 14, 1880).</subfield></datafield><datafield ind1=" " ind2=" " tag="752"><subfield code="a">United States</subfield><subfield code="b">Indiana</subfield><subfield code="c">Tippecanoe</subfield><subfield code="d">Lafayette.</subfield></datafield><datafield ind1="0" ind2="0" tag="780"><subfield code="t">Western granger and home journal</subfield><subfield code="w">(DLC)sn 84023986</subfield><subfield code="w">(OCoLC)11122028</subfield></datafield><datafield ind1="0" ind2="7" tag="785"><subfield code="t">Lafayette weekly call</subfield><subfield code="w">(DLC)sn 86059082</subfield></datafield><datafield ind1="0" ind2="7" tag="785"><subfield code="t">Home journal, and the Lafayette weekly call</subfield><subfield code="w">(DLC)sn 86059084</subfield></datafield></record>